@online{github,
    title   = "Project GitHub Repo",
    author  = "Benjamin van de Vorstenbosch",
    URL     = "https://github.com/BVengo/comp3100Project"
}
@online{ds-sim,
    title   = "DS-Sim GitHub Repo",
    author  = "Young Choon Lee",
    URL     = "https://github.com/distsys-MQ/ds-sim",
    date    = "2022-03-09"
}
@online{solid,
    title   = "SOLID: The First 5 Principles of Object Oriented Design",
    author  = "Samuel Oloruntoba",
    URL     = "https://www.digitalocean.com/community/conceptual_articles/s-o-l-i-d-the-first-five-principles-of-object-oriented-design",
    date    = "2021-12-01"
}
@online{factory,
    title   = "C\# Factory Method",
    author  = "DoFactory",
    URL     = "https://www.dofactory.com/net/factory-method-design-pattern"
}